@inproceedings{DBLP:conf/msr/SihlerPSTDD24,
  author       = {Florian Sihler and
                  Lukas Pietzschmann and
                  Raphael Straub and
                  Matthias Tichy and
                  Andor Diera and
                  Abdelhalim Hafedh Dahou},
  editor       = {Diomidis Spinellis and
                  Alberto Bacchelli and
                  Eleni Constantinou},
  title        = {On the Anatomy of Real-World {R} Code for Static Analysis},
  booktitle    = {21st {IEEE/ACM} International Conference on Mining Software Repositories,
                  {MSR} 2024, Lisbon, Portugal, April 15-16, 2024},
  pages        = {619--630},
  publisher    = {{ACM}},
  year         = {2024},
  doi          = {10.1145/3643991.3644911},
  timestamp    = {Wed, 23 Oct 2024 16:44:12 +0200},
  biburl       = {https://dblp.org/rec/conf/msr/SihlerPSTDD24.bib},
  bibsource    = {dblp computer science bibliography, https://dblp.org}
}
